@book{pyqt5,
  title={Create GUI Applications with Python \& Qt5 (PyQt5 Edition): The hands-on guide to making apps with Python},
  author={Fitzpatrick, M.},
  year={2020},
  publisher={Martin Fitzpatrick}
}

@book{opencv,
  title={Learn OpenCV with Python by Examples},
  author={Chen, J.},
  isbn={9781738908455},
  year={2023},
  publisher={James Chen}
}

@Misc{KNN,
  Title                    = {K Nearest Neighbor Algorithm: Fundamentals and Applications},
  Author                   = {Fouad Sabry},
  Year                     = {2023}
}
@misc{Neural,
  title = {Neural Net},
  url = {https://www.ibm.com/mx-es/topics/neural-networks
}
}
@misc{pytesseract,
  title = {PyTesseract Documentation},
  url = {https://pypi.org/project/pytesseract/}
}

@misc{sklearn,
  title = {Sklearn},
  url = {https://pypi.org/project/sklearn/}
}

@misc{MicroAlgas,
  title = {Microalgas},
  url = {https://www.eufic.org/es/produccion-de-alimentos/articulo/microalgas-que-son-y-como-cultivarlas-y-utilizarlas}
}

@misc{desiciontree,
  title = {Decision Tree Classifier},
  url = {https://www.javatpoint.com/machine-learning-decision-tree-classification-algorithm}
}

@misc{desiciontree2,
  title = {Decision Tree Classifier},
  url = {https://towardsdatascience.com/decision-tree-classifier-explained-in-real-life-picking-a-vacation-destination-6226b2b60575}
}

@misc{randomforest,
  title = {Random Forest Classifier},
  url = {https://aprendeia.com/aprendizaje-supervisado-random-forest-classification/}
}

@misc{randomforest2,
  title = {Random Forest},
  url = {https://www.ibm.com/mx-es/topics/random-forest}
}


@misc{qpixmap,
  title = {QPixmap Class},
  url = {https://doc.qt.io/qt-6/qpixmap.html}
}

@book{grayscale,
  title={Reduction of indeterminacy of gray-scale image in bipolar neutrosophic domain},
  author={P, A. and M, T.P.},
  publisher={Infinite Study}
}

@book{binarization,
  title={Emerging Trends in Image Processing, Computer Vision and Pattern Recognition},
  author={Deligiannidis, L. and Arabnia, H.R.},
  isbn={9780128020920},
  series={Emerging Trends in Computer Science and Applied Computing},
  year={2014},
  publisher={Elsevier Science}
}
}

@misc{ocr,
  title = {¿Qué es el reconocimiento óptico de caracteres (OCR)?},
  url = {https://aws.amazon.com/es/what-is/ocr/}
}

@book{otsu,
  title={Exploring Image Binarization Techniques},
  author={Chaki, N. and Shaikh, S.H. and Saeed, K.},
  isbn={9788132219071},
  series={Studies in Computational Intelligence},
  year={2014},
  publisher={Springer India}
}

@misc{findcontours,
  title = {findContours Function in OpenCV},
  url = {https://docs.opencv.org/4.x/d4/d73/tutorial_py_contours_begin.html}
}

@misc{boundingrect,
  title = {CV2 Boundingrect Explained with Examples},
  url = {https://www.pythonpool.com/cv2-boundingrect/}
}


@book{morales2011procesamiento,
  title={Procesamiento y An{\'a}lisis Digital de Im{\'a}genes},
  author={Morales, R.R. and Azuela, J.H.S. and TOME, A.G.},
  isbn={9788499640778},
  year={2011},
  publisher={RA-MA S.A. Editorial y Publicaciones}
}

@misc{nearest,
  title = {Nearest Centroid},
  url = {https://machinelearningmastery.com/nearest-shrunken-centroids-with-python/}
}


@misc{sgdc,
  title = {SGDClassifier},
  url = {https://code.likeagirl.io/sgdclassifier-with-scikit-learn-untaught-lessons-you-need-to-know-7bf2f56c04dc}
}

@misc{qda,
  title = {Quadratic Discriminant Analysis},
  url = {https://rpubs.com/JairoAyala/575414}
}